<record><leader>00000cas a22000007a 4500</leader><controlfield tag="001">17892949</controlfield><controlfield tag="008">880504u1953uuuunyuwr ne      0    0eng d</controlfield><datafield ind1=" " ind2=" " tag="010"><subfield code="a">sn 88074214 </subfield></datafield><datafield ind1=" " ind2=" " tag="040"><subfield code="a">NYS</subfield><subfield code="b">eng</subfield><subfield code="c">NYS</subfield><subfield code="d">OCLCQ</subfield></datafield><datafield ind1=" " ind2=" " tag="042"><subfield code="a">msc</subfield></datafield><datafield ind1="0" ind2="4" tag="245"><subfield code="a">The Empire star weekly.</subfield></datafield><datafield ind1="1" ind2="3" tag="246"><subfield code="a">Empire star</subfield></datafield><datafield ind1=" " ind2=" " tag="260"><subfield code="a">Buffalo, N.Y. :</subfield><subfield code="b">Empire Star Print.,</subfield><subfield code="c">1953-</subfield></datafield><datafield ind1=" " ind2=" " tag="300"><subfield code="a">v.</subfield></datafield><datafield ind1=" " ind2=" " tag="310"><subfield code="a">Weekly</subfield></datafield><datafield ind1="0" ind2=" " tag="362"><subfield code="a">Vol. 21, no. 5 (July 9, 1953)-</subfield></datafield><datafield ind1=" " ind2=" " tag="500"><subfield code="a">"Buffalo-Rochester ed.," June 30, 1956-&lt;1957&gt;.</subfield></datafield><datafield ind1=" " ind2=" " tag="500"><subfield code="a">Publishers: Empire Star Print., 1953-&lt;1956&gt;; A.J. Smithewman, &lt;1960&gt;.</subfield></datafield><datafield ind1=" " ind2="4" tag="651"><subfield code="a">Buffalo (N.Y.)</subfield><subfield code="v">Newspapers.</subfield></datafield><datafield ind1=" " ind2=" " tag="752"><subfield code="a">United States</subfield><subfield code="b">New York</subfield><subfield code="c">Erie</subfield><subfield code="d">Buffalo.</subfield></datafield><datafield ind1="0" ind2="0" tag="780"><subfield code="t">Empire star</subfield><subfield code="w">(DLC)sn 88074352</subfield><subfield code="w">(OCoLC)17893062</subfield></datafield><datafield ind1="1" ind2=" " tag="029"><subfield code="a">AU@</subfield><subfield code="b">000020508273</subfield></datafield></record>